@manual{inmetro2003,
	Author = {INMETRO},
	Title = {Vocabulário internacional de termos fundamentais e gerais de
	metrologia},
	Year = {2013},
	Address = {Rio de Janeiro, Brasil},
	Pages = {75},
	isbn = {85-87090-90-9},
}

@inproceedings{soviero1997,
	Author = {P. A. O. Soviero and L. G. M. Lavagna},
	Title = {A Numerical Model for Thin Airfoils in Unsteady Motion},
	Year = {1997},
	Pages = {332-340},
	Volume = {19},
	Number = {3},
	Booktitle = {Journal of the Brazilian Societyt Mechanical Sciences},	
}

@inproceedings{sparrow1980,
	Author = {E. M. Sparrow},
	Title = {Forced Convection Heat Transfer in a Duct Having Spanwise-Periodic
	Rectangular Protuberances},
	Year = {1980},
	Pages = {149-167},
	Volume = {3},
	Booktitle = {Numerical Heat Transfer},
}

@article{clark1986,
	Author = {J. A. Clark},
	Title = {Private Communication},
	Year = {1986},
	Address = {University of Michigan},
}

@article{arruda2007,
	Author = {M. B. B. Arruda},
	Title = {Como fazer referências: bibliográficas, eletrônicas e demais
	formas de documentos},
	Year = {2007},
	Url = {http://bu.ufsc.br/framerefer.html}
}

@article{coimbra1978,
	Author = {A. L. Coimbra},
	Title = {Lessons of Continuum Mechanics},
	Year = {1978},
	Address = {São Paulo, Brazil},
	Pages = {428},
	Editor = {Edgard Blücher},
}

@inproceedings{bordalo1989,
	Author = {S. N. Bordalo and J. H. Ferziger and S. J. Kline},
	Title = {The Development of Zonal Models for Turbulence},
	Year = {1989},
	Pages = {41-44},
	Booktitle = {Proceedings of the 10th Brazilian Congress of Mechanical
	Engineering}, 
	Volume = {1},	
}

@manual{NBR14724:2011,
	Address = {Rio de Janeiro},
	Date-Added = {2012-12-15 20:34:08 +0000},
	Date-Modified = {2012-12-15 20:35:25 +0000},
	Month = mar,
	Org-Short = {ABNT},
	Organization = {Associa{\c c}\~ao Brasileira de Normas T\'ecnicas},
	Pages = 15,
	Subtitle = {Informa{\c c}\~ao e documenta{\c c}\~ao --- trabalhos acad\^emicos --- apresenta{\c c}\~ao},
	Title = {{NBR} 14724},
	Year = 2011
}

@manual{NBR6034:2000,
	Address = {Rio de Janeiro},
	Org-Short = {ABNT},
	Organization = {Associa{\c c}\~ao Brasileira de Normas T\'ecnicas},
	Subtitle = {Informa{\c c}\~ao e documenta{\c c}\~ao --- Referências},
	Title = {{NBR} 14724},
	Year = 2000
}

@incollection{hummer:2013,
  title={Testing idempotence for infrastructure as code},
  author={Hummer, Waldemar and Rosenberg, Florian and Oliveira, F{\'a}bio and Eilam, Tamar},
  booktitle={Middleware 2013},
  pages={368--388},
  year={2013},
  publisher={Springer}
}

@online{config-file:2011,
  title={Simple configuration for Ruby applications},
  author={Oleg Ivanov},
  year={2011},
  url={http://speakmy.name/2011/05/29/simple-configuration-for-ruby-apps/},
  urldate={2011-05-29},
}

@book{huttermann:2012,
  title={DevOps for developers},
  author={Huttermann, Michael},
  year={2012},
  publisher={Apress}
}

@book{loukides2012devops,
  title={What is DevOps?},
  author={Loukides, Mike},
  year={2012},
  publisher={" O'Reilly Media, Inc."}
}

@incollection{erich2014mapping,
  title={A mapping study on cooperation between information system development and operations},
  author={Erich, Floris and Amrit, Chintan and Daneva, Maya},
  booktitle={Product-Focused Software Process Improvement},
  pages={277--280},
  year={2014},
  publisher={Springer}
}

@article{rosqvist2003software,
  title={Software quality evaluation based on expert judgement},
  author={Rosqvist, Tony and Koskela, Mika and Harju, Hannu},
  journal={Software Quality Journal},
  volume={11},
  number={1},
  pages={39--55},
  year={2003},
  publisher={Springer}
}

@article{scott2014,
  title={We Need More Agile IT},
  author={Ambler, Scott W},
  year={2014},
  publisher={San Francisco: UBM}
}

@online{ohaidoc:2016,
  title={About Ohai},
  author={Chef},
  year={2016},
  url={https://docs.chef.io/ohai.html},
  urldate={2016-06-16},
}

@online{facterdoc:2016,
  title={Facter documentation},
  author={Puppet},
  year={2016},
  url={https://docs.puppet.com/facter/},
  urldate={2016-06-23},
}

@online{chefdoc:2016,
  title={All about Chef},
  author={Chef},
  year={2016},
  url={https://docs.chef.io},
  urldate={2016-05-29},
}

@online{chef:2016,
  title={Chef - Code Can | Chef},
  author={Chef},
  year={2008},
  url={https://www.chef.io/},
  urldate={2016-05-18},
}

@online{puppet:2016,
  title={Puppet - The shortest path to better software},
  author={Puppet},
  year={2016},
  url={https://www.puppet.com/},
  urldate={2016-05-18}
}

@online{driessen:2010,
  title={A successful Git branching model},
  author={Driessen, Vincent},
  year={2010},
  url={http://nvie.com/posts/a-successful-git-branching-model/},
  urldate={2016-06-12}
}

@online{github:2016,
  title={About GitHub},
  author={GitHub},
  year={2016},
  url={https://github.com/personal},
  urldate={2016-06-14}
}

@online{travis:2016,
  title={Travis CI},
  author={Travis},
  year={2016},
  url={https://travis-ci.com},
  urldate={2016-06-14}
}

@online{blueprint:2016,
  title={Blueprint},
  author={Devstructure},
  year={2011},
  url={http://devstructure.com/blueprint/},
  urldate={2016-06-16}
}

@book{chacon:2014,
  title={Pro git},
  author={Chacon, Scott and Straub, Ben},
  year={2014},
  publisher={Apress}
}

@book{sharma:2015,
  title={Learning Chef},
  author={Sharma, Rishabh and Soni, Mitesh},
  year={2015},
  publisher={Packt Publishing Ltd}
}

@book{vasiliev:2014,
  title={Cooking Infrastructure by Chef},
  author={Varsiliev, Alexey},
  year={2014},
  publisher={leopard.in.ua}
}

@article{fowler2006continuous,
  title={Continuous integration},
  author={Fowler, Martin and Foemmel, Matthew},
  journal={Thought-Works) http://www. thoughtworks. com/Continuous Integration. pdf},
  pages={122},
  year={2006}
}

@book{olausson:2016,
  title={Continuous Delivery with Visual Studio ALM 2015},
  author={Olausson, Mathias and Ehn, Jakob},
  year={2016},
  publisher={Springer}
}

@article{gutierrez:2009,
  title={Engenahria de requisitos na metodologia Ágil},
  author={Gutierrez, César Sanz and Lazur, Nick and Lima, Fábio Henrique Pereira
    and Miyake, Eduardo Yukio},
  year={2009},
  publisher={São Paulo: Universidade Anhembi Morumbi},
}

@book{beck:2000,
  title={Extreme programming explained: embrace change},
  author={Beck, Kent},
  year={2000},
  publisher={addison-wesley professional}
}

@book{pressman:2009,
  title={Engenharia de software},
  author={Pressman, Roger S},
  year={2009},
  publisher={AMGH Editora}
}

@article{fadel:2010,
  title={Metodologias {\'a}geis no contexto de desenvolvimento de software: XP, Scrum e Lean},
  author={Fadel, Aline Cristine and Silveira, H da M},
  journal={Monografia do Curso de Mestrado FT-027-Gest{\~a}o de Projetos e Qualidade da Faculdade de Tecnologia--UNICAMP},
  year={2010}
}

@article{van:2000,
  title={Domain-Specific Languages: An Annotated Bibliography.},
  author={Van Deursen, Arie and Klint, Paul and Visser, Joost},
  journal={Sigplan Notices},
  volume={35},
  number={6},
  pages={26--36},
  year={2000}
}

@article{thomas:2001,
  title={Programming Ruby},
  author={Thomas, David and Hunt, Andrew},
  journal={Dr. Dobb’s Journal},
  edition={2},
  volume={5},
  year={2001}
}

@book{chelimsky:2010,
  title={The RSpec book: Behaviour driven development with Rspec, Cucumber, and friends},
  author={Chelimsky, David and Astels, Dave and Helmkamp, Bryan and North, Dan and Dennis, Zach and Hellesoy, Aslak},
  year={2010},
  publisher={Pragmatic Bookshelf}
}

@article{cho:2007,
  title={Efficient Monitoring Algorithm for Fast News Alert},
  author={Cho, Ka Cheung Sia Junghoo and others},
  journal={IEEE Trans. Knowledge and Data Engineering},
  pages={950--961},
  year={2007}
}

@online{adambertram:2016,
  title={Signs you're Doing Devops Wrong},
  author={Adam Bertram},
  year={2015},
  url={http://www.infoworld.com/article/3011631/devops/7-signs-youre-doing-devops-wrong.html},
  urldate={2016-06-16},
}

@inproceedings{ilieva2004analyses,
  title={Analyses of an agile methodology implementation},
  author={Ilieva, Sylvia and Ivanov, Penko and Stefanova, Eliza},
  booktitle={Euromicro Conference, 2004. Proceedings. 30th},
  pages={326--333},
  year={2004},
  organization={IEEE}
}

@online{agilemetorg:2016,
  title={Agile Methodology Org.},
  author={AgileOrg},
  year={2015},
  url={http://agilemethodology.org},
  urldate={2016-06-16},
}

@online{scrumreference:2016,
  title={Scrum Reference Card},
  author={Michael James},
  year={2015},
  url={http://scrumreferencecard.com},
  urldate={2016-06-16},
}
@book{shore:2007,
  title={The art of agile development},
  author={Shore, James and others},
  year={2007},
  publisher={" O'Reilly Media, Inc."}
}

@article{fowler:2001,
  title={The agile manifesto},
  author={Fowler, Martin and Highsmith, Jim},
  journal={Software Development},
  volume={9},
  number={8},
  pages={28--35},
  year={2001},
  publisher={San Francisco, CA: Miller Freeman, Inc., 1993-}
}

@articl{koskela2003software,
  title={Software configuration management in agile methods},
  author={Koskela, Juha},
  journal={VTT publications},
  year={2003},
  publisher={TECHNICAL RESEARCH CENTRE OF FINLAND ESPOO}
}
